@article{stouten_successful_2018,
	title = {Successful {Organizational} {Change}: {Integrating} the {Management} {Practice} and {Scholarly} {Literatures}},
	volume = {12},
	issn = {1941-6520, 1941-6067},
	shorttitle = {Successful {Organizational} {Change}},
	url = {http://journals.aom.org/doi/10.5465/annals.2016.0095},
	doi = {10.5465/annals.2016.0095},
	language = {en},
	number = {2},
	urldate = {2024-03-13},
	journal = {Academy of Management Annals},
	author = {Stouten, Jeroen and Rousseau, Denise M. and De Cremer, David},
	month = jun,
	year = {2018},
	pages = {752--788},
	file = {Stouten et al. - 2018 - Successful Organizational Change Integrating the .pdf:/Users/witoldtenhove/Zotero/storage/CXEPVWFF/Stouten et al. - 2018 - Successful Organizational Change Integrating the .pdf:application/pdf},
}